@inproceedings{saito2003peer,
  title={Peer-to-peer money: Free currency over the Internet},
  author={Saito, Kenji},
  booktitle={Web and Communication Technologies and Internet-Related Social Issuesâ€”HSI 2003: Second International Conference on Human. Society@ Internet Seoul, Korea, June 18--20, 2003 Proceedings 2},
  pages={404--414},
  year={2003},
  organization={Springer}
}

@article{kiyotaki1989money,
  title={On money as a medium of exchange},
  author={Kiyotaki, Nobuhiro and Wright, Randall},
  journal={Journal of political Economy},
  volume={97},
  number={4},
  pages={927--954},
  year={1989},
  publisher={The University of Chicago Press}
}

@inproceedings{chakravarty2020extended,
  title={The extended UTXO model},
  author={Chakravarty, Manuel MT and Chapman, James and MacKenzie, Kenneth and Melkonian, Orestis and Peyton Jones, Michael and Wadler, Philip},
  booktitle={Financial Cryptography and Data Security: FC 2020 International Workshops, AsiaUSEC, CoDeFi, VOTING, and WTSC, Kota Kinabalu, Malaysia, February 14, 2020, Revised Selected Papers 24},
  pages={525--539},
  year={2020},
  organization={Springer}
}

@misc{kya,
  title = {Know Your Assumptions},
  howpublished = {\url{https://www.ergoforum.org/t/know-your-assumptions/4198}},
  note = {Accessed: 2023-01-30}
}

@article{machlup1970euro,
  title={Euro-dollar creation: A mystery story},
  author={Machlup, Fritz},
  journal={PSL Quarterly Review},
  volume={23},
  number={94},
  year={1970}
}

@article{nakamoto2008peer,
  title={A peer-to-peer electronic cash system},
  author={Nakamoto, Satoshi and Bitcoin, A},
  journal={Bitcoin.--URL: https://bitcoin.org/bitcoin.pdf},
  volume={4},
  number={2},
  year={2008}
}

@article{williams1996new,
  title={The new barter economy: an appraisal of Local Exchange and Trading Systems (LETS)},
  author={Williams, Colin C},
  journal={Journal of Public Policy},
  volume={16},
  number={1},
  pages={85--101},
  year={1996},
  publisher={Cambridge University Press}
}

@article{unterguggenbercer1934end,
  title={THE END RESULTS OF THE WOERGL EXPERIMENT.},
  author={Unterguggenbercer, Michael},
  journal={Annals of Public and Cooperative Economics},
  volume={10},
  number={1},
  pages={60--63},
  year={1934},
  publisher={Wiley Online Library}
}

@misc{impl,
  title = {ChainCash implementation},
  howpublished = {\url{https://github.com/kushti/chaincash/tree/master/contracts}},
  note = {Accessed: 2023-02-22}
}

@misc{contracts,
  title = {ChainCash contracts},
  howpublished = {\url{https://github.com/ChainCashLabs/chaincash/tree/master/contracts/onchain}},
  note = {Accessed: 2023-11-11}
}

@techreport{chepurnoy2019contractual,
  title={On Contractual Money},
  author={Chepurnoy, Alexander and Saxena, Amitabh},
  year={2019},
  institution={EasyChair}
}

@article{bottazzi2024multilateral,
  title={Multilateral Trade Credit Set-off in MPC via Graph Anonymization and Network Simplex},
  author={Bottazzi, Enrico and Ngo, Chan Nam and Tsutsumi, Masato},
  journal={Cryptology ePrint Archive},
  year={2024}
}


@misc{server,
  title = {ChainCash server},
  howpublished = {\url{https://github.com/ChainCashLabs/chaincash-rs}},
  note = {Accessed: 2023-11-11}
}



