@inproceedings{saito2003peer,
  title={Peer-to-peer money: Free currency over the Internet},
  author={Saito, Kenji},
  booktitle={Web and Communication Technologies and Internet-Related Social Issuesâ€”HSI 2003: Second International Conference on Human. Society@ Internet Seoul, Korea, June 18--20, 2003 Proceedings 2},
  pages={404--414},
  year={2003},
  organization={Springer}
}

@misc{kya,
  title = {Know Your Assumptions},
  howpublished = {\url{https://www.ergoforum.org/t/know-your-assumptions/4198}},
  note = {Accessed: 2023-01-30}
}

@article{machlup1970euro,
  title={Euro-dollar creation: A mystery story},
  author={Machlup, Fritz},
  journal={PSL Quarterly Review},
  volume={23},
  number={94},
  year={1970}
}

@article{nakamoto2008peer,
  title={A peer-to-peer electronic cash system},
  author={Nakamoto, Satoshi and Bitcoin, A},
  journal={Bitcoin.--URL: https://bitcoin.org/bitcoin.pdf},
  volume={4},
  number={2},
  year={2008}
}



